<?xml version="1.0" encoding="UTF-8"?><collection xmlns="http://www.loc.gov/MARC21/slim"><record><leader>00651nam--2200193-u-4500</leader><controlfield tag="001">000052263</controlfield><controlfield tag="002">20161230</controlfield><controlfield tag="005">20170210153728</controlfield><controlfield tag="008">100609s1000------------r-----000-0-fre-d</controlfield><datafield ind1=" " ind2=" " tag="040"><subfield code="a">IFIN-HH</subfield></datafield><datafield ind1=" " ind2=" " tag="041"><subfield code="a">fre</subfield></datafield><datafield ind1=" " ind2=" " tag="080"><subfield code="a">51-73:519.2(061.3)</subfield></datafield><datafield ind1="1" ind2=" " tag="245"><subfield code="a">Aspects statistiques et aspects physiques des processus gaussiens Saint Flour 22-29 juin 1980</subfield></datafield><datafield ind1=" " ind2=" " tag="260"><subfield code="a">Paris</subfield><subfield code="b">Editions Du Centre National De La Recherche Scientifique 15, Quai Anatole France</subfield><subfield code="c">1981</subfield></datafield><datafield ind1=" " ind2=" " tag="300"><subfield code="a">568 p</subfield></datafield><datafield ind1=" " ind2=" " tag="490"><subfield code="v">Vol. 307</subfield></datafield><datafield ind1="1" ind2=" " tag="710"><subfield code="a">Colloques Internationaux Du Centre National De La Recherche Scientifique</subfield></datafield><datafield ind1=" " ind2=" " tag="852"><subfield code="a">49632</subfield><subfield code="c">519.2</subfield></datafield><datafield ind1=" " ind2=" " tag="CAT"><subfield code="a">SYS</subfield><subfield code="c">20170210</subfield><subfield code="h">153728</subfield></datafield></record></collection>